@Book{ Ziegler,
author = { Ziegler, J. F. and Littmark, U. and Biersack, J. P. },
title = { The stopping and range of ions in solids / J.F. Ziegler, J.P. Biersack, U. Littmark },
isbn = { 008021603 },
publisher = { Pergamon New York },
pages = { 321 p. : },
year = { 1985 },
type = { Book },
language = { English },
subjects = { Stopping power (Nuclear physics); Particle range (Nuclear physics); Ion bombardment.; Solids. },
life-dates = { 1985 -  },
catalogue-url = { http://nla.gov.au/nla.cat-vn125402 },
}

@article{Becker,
year=1987,
isbn={0939-7922},
journal={Zeitschrift für Physik A Atomic Nuclei},
volume=327,
number=3,
doi={10.1007/BF01284459},
title={Low-energy cross sections for {11B(p, 3$\alpha$)}},
url={http://dx.doi.org/10.1007/BF01284459},
publisher={Springer-Verlag},
keywords={25.85.−w; 24.90.+d; 95.30.−k},
author={Becker, H.W. and Rolfs, C. and Trautvetter, H.P.},
pages={341-355},
language={English}
}

@inbook {Martin,
title = {Models and Theories of Nuclear Physics},
author = {Martin, B. R.},
publisher = {John Wiley \& Sons, Ltd},
isbn = {9780470035474},
url = {http://dx.doi.org/10.1002/0470035471.ch7},
doi = {10.1002/0470035471.ch7},
pages = {217--253},
keywords = {nucleon – nucleon potential, Fermi gas model, nuclear shell model, pairing hypothesis, non-spherical nuclei, α-decay and nuclear β-decay, Gamow–Teller transitions, γ-emission and internal conversion},
booktitle = {Nuclear and Particle Physics},
year = {2006},
}

@book{Bettini,
      author       = "Bettini, Alessandro",
      title        = "Introduction to Elementary Particle Physics",
      publisher    = "Cambridge Univ. Press",
      address      = "Cambridge",
      year         = "2008",
}

@article{dalitz,
author = {Dalitz, R.H.},
title = {On the analysis of $\tau$-meson data and the nature of the $\tau$-meson},
journal = {Philosophical Magazine Series 7},
volume = {44},
number = {357},
pages = {1068-1080},
year = {1953},
doi = {10.1080/14786441008520365},

URL = {http://www.tandfonline.com/doi/abs/10.1080/14786441008520365},
eprint = {http://www.tandfonline.com/doi/pdf/10.1080/14786441008520365}
}

@misc{Knudsen,
    author    = "Helge Knudsen",
    title     = {ØVELSER I EKSPERIMENTEL FYSIK - ØVELSESVEJLEDNINGER},
    howpublished = "",
    year     = "2012",
    month    = "Januar",
    note     = "",
}